<?xml version="1.0" encoding="UTF-8"?><collection xmlns="http://www.loc.gov/MARC21/slim"><record><leader>00399nam--2200121-i-4500</leader><controlfield tag="001">000031336</controlfield><controlfield tag="002">20161230</controlfield><controlfield tag="005">20161230201038</controlfield><controlfield tag="008">060222s1000------------r-----000-0-eng-d</controlfield><datafield ind1=" " ind2=" " tag="245"><subfield code="a">Mathematische und physikalisch-technische. probleme der kybernetik</subfield></datafield><datafield ind1=" " ind2=" " tag="260"><subfield code="a">Berlin, Akademie-verlag, 1963, 557p., 230 Fig., 17 Tabele</subfield></datafield><datafield ind1=" " ind2=" " tag="490"><subfield code="a">Deutsche Akademie Der Wissenschaften Zu Berlin. Reihe A</subfield></datafield><datafield ind1=" " ind2=" " tag="852"><subfield code="a">9175</subfield></datafield></record></collection>